@article{oberstone,
  title={Differentiating the top English premier league football clubs from the rest of the pack: Identifying the keys to success},
  author={Oberstone, Joel},
  journal={Journal of Quantitative Analysis in Sports},
  volume={5},
  number={3},
  year={2009},
  publisher={De Gruyter}
}

@phdthesis{ulmer,
  title={Predicting soccer match results in the English Premier League},
  author={Ulmer, Ben and Fernandez, Matthew and Peterson, Michael},
  year={2013},
  school={Doctoral dissertation, Ph. D. dissertation, Stanford}
}

@article{louzada,
  title={Predicting Match Outcomes in the English Premier League: Which Will Be the Final Rank?},
  author={Louzada, Francisco and Suzuki, Adriano K and Salasar, Luis EB},
  journal={Journal of Data Science},
  volume={12},
  number={2},
  pages={235--254},
  year={2014},
  publisher={中華資料採礦協會}
}

@article{araya,
  title={Key performance variables between the top 10 and bottom 10 teams in the English Premier League 2012/13 season},
  author={Araya, JAIME A and Larkin, Paul},
  journal={Human Movement, Health and Coach Education (HMHCE)},
  volume={2},
  pages={17--29},
  year={2013}
}

@article{groll,
  title={Prediction of major international soccer tournaments based on team-specific regularized Poisson regression: An application to the FIFA World Cup 2014},
  author={Groll, Andreas and Schauberger, Gunther and Tutz, Gerhard},
  journal={Journal of Quantitative Analysis in Sports},
  volume={11},
  number={2},
  pages={97--115},
  year={2015},
  publisher={De Gruyter}
}